2112 2553
964 75 1218 121 ...4-

235 203 390 259 aperui,
421 199 555 255 quoad
583 200 702 255 potui
730 212 812 238 uon
842 197 978 252 quoad
1005 197 1130 244 volui,
1159 211 1225 237 res
1253 199 1361 238 enim
1390 209 1517 247 erant,
1546 214 1647 256 quas
1676 198 1729 240 ob
1757 203 1940 241 materiei

236 276 438 318 defectum
467 273 641 314 incultas
670 271 905 328 relinquere
935 279 1095 312 coactus
1125 285 1248 320 eram,
1277 271 1506 329 quibusque
1536 265 1836 316 accedere‘ffion
1866 289 1939 331 po-

235 353 316 392 tuit
343 358 523 390 extrema
551 361 704 394 manus,
736 346 785 385 de
815 346 963 401 quibus
987 347 1021 385 si
1051 345 1328 395 decrevissem,
1355 347 1506 388 nodum
1535 349 1704 389 fortasse
1726 350 1937 390 secuissem

235 439 316 465 non
347 423 567 464 scivissem.
597 446 655 454 -

347 498 482 537 Multa
517 497 705 535 licentius
741 492 855 542 ficta,
891 509 1026 550 neque
1057 494 1107 534 ad
1135 498 1229 536 satis
1259 494 1373 535 firma
1403 497 1543 535 annisa
1578 508 1663 535 esse
1693 496 1936 537 adminicula

233 570 494 616 videbuntur,
525 578 567 608 at
594 568 695 608 haec
723 570 767 608 in
796 569 847 608 iis
876 568 1078 625 ponenda,
1109 584 1212 624 quae
1241 570 1410 625 propria
1428 579 1522 609 sunt
1536 569 1752 623 cujuslibet
1773 570 1935 624 linguae

233 654 276 685 et
311 643 594 684 consuetudini
631 641 907 683 condonanda.
973 643 1064 681 Non
1100 643 1227 681 instar
1261 641 1472 683 machinae
1502 652 1679 683 ceterum
1707 644 1852 697 lingu·>
1875 652 1936 682 est

234 717 442 765 habenda,
480 731 561 757 non
599 724 767 756 externo
805 716 913 755 enim
943 724 1127 755 movetur
1155 715 1297 773 pulsu,
1333 715 1403 756 sed
1431 717 1593 757 interno
1622 718 1769 772 agitur.
1828 716 1933 756 Con-

229 807 359 833 nexus
395 794 434 832 ei
469 790 761 859 copulatusque
791 790 923 831 cultus
951 789 1170 840 humanus,
1207 799 1423 854 utrumque
1452 792 1506 841 it,
1543 806 1625 849 quo
1660 767 1824 833 neftura
1838 792 1930 832 fert.

232 867 324 917 Quo
361 869 514 920 majora
545 867 652 906 vitae
688 860 798 921 capit
831 854 1081 923 incrementa
1117 865 1306 912 societas,
1342 880 1390 906 eo
1419 867 1553 921 magis
1580 867 1624 919 in
1654 865 1743 925 dies
1758 844 1930 920 linguae

229 943 349 997 copia
385 951 426 982 et
459 941 624 981 ubeitas
657 949 837 995 augetur.
902 940 1006 979 Fons
1035 939 1148 979 vivus
1184 939 1257 1002 sub
1287 941 1494 980 civitatum
1523 941 1727 982 radicibus
1757 941 1930 996 profun-

227 1014 350 1061 ditur,
381 1029 460 1053 una
491 1029 581 1053 cum
611 1015 660 1053 iis
690 1014 846 1059 crescit,
877 1013 1068 1066 augescit,
1098 1013 1218 1077 viget.
1247 1036 1304 1044 —
1351 995 1497 1065 Libere
1526 1029 1583 1066 ac
1602 1014 1732 1055 solute
1761 1012 1928 1060 incedit,

227 1097 270 1127 et
296 1097 442 1127 natura
471 1089 511 1126 ei
540 1086 723 1127 dextram
753 1086 937 1132 tetendit,
968 1101 1163 1155 suumque
1192 1062 1379 1144 pollicita
1403 1097 1464 1128 est
1478 1087 1738 1144 praesidium.
1799 1089 1928 1137 Quam

225 1162 279 1202 ob
317 1177 403 1202 rem
438 1176 571 1218 neque
606 1162 649 1201 in
687 1161 861 1202 claustra
898 1161 1122 1222 compingi,
1165 1176 1299 1218 neque
1335 1161 1561 1228 repagulis,
1605 1177 1723 1220 quae
1746 1163 1928 1219 superari

222 1244 447 1292 nequeant,
494 1234 681 1275 concludi
717 1242 874 1291 potest,
920 1243 1042 1291 atque
1080 1249 1239 1293 semper
1280 1237 1323 1276 in
1360 1245 1531 1278 t01tores
1569 1250 1659 1277 suos
1695 1234 1926 1277 vindicavit.

222 1312 309 1352 Nec
339 1319 472 1351 tamen
502 1319 563 1350 est
592 1312 677 1351 sine
706 1310 808 1364 lege.
838 1332 895 1340 —

337 1383 402 1424 Ad
431 1393 655 1424 extremum
684 1399 762 1441 pro
792 1393 903 1425 certo
934 1394 1169 1443 exspectare
1198 1402 1262 1428 me
1292 1386 1461 1437 affirmo,
1491 1388 1727 1428 remissuros
1757 1387 1800 1426 in
1815 1384 1924 1426 hisce

223 1457 449 1509 judicandis
492 1459 667 1497 frontem
710 1460 819 1501 viros
864 1459 1024 1506 doctos,
1068 1475 1201 1516 neque
1244 1463 1379 1517 rigore
1423 1469 1464 1501 et
1508 1461 1719 1502 severitate
1763 1474 1809 1499 ea
1840 1449 1923 1499 esse

220 1533 518 1589 perstricturos.
548 1557 607 1565 —

395 1607 551 1663 Scripsi
581 1606 784 1650 Coni'cii
818 1608 903 1651 Kal.
935 1611 1033 1653 Mai.
1064 1609 1395 1653 MDCCCXLIV.
