<?xml version="1.0" encoding="UTF-8"?>
<!DOCTYPE html PUBLIC "-//W3C//DTD XHTML 1.0 Transitional//EN"
    "http://www.w3.org/TR/xhtml1/DTD/xhtml1-transitional.dtd">
<html xmlns="http://www.w3.org/1999/xhtml" xml:lang="en" lang="en">
 <head>
  <title>
</title>
<meta http-equiv="Content-Type" content="text/html;charset=utf-8" />
  <meta name='ocr-system' content='tesseract 3.04.00' />
  <meta name='ocr-capabilities' content='ocr_page ocr_carea ocr_par ocr_line ocrx_word'/>
</head>
<body>
  <div class='ocr_page' id='page_1' title='image "4737990_0075.png"; bbox 0 0 2112 2553; ppageno 0'>
   <div class='ocr_carea' id='block_1_1' title="bbox 903 149 1188 218">
    <p class='ocr_par' dir='ltr' id='par_1_1' title="bbox 903 149 1188 218">
     <span class='ocr_line' id='line_1_1' title="bbox 903 149 1188 218; baseline -0.025 -1"><span class='ocrx_word' id='word_1_1' title='bbox 903 195 963 208; x_wconf 90' lang='lat'><em>-</em></span> <span class='ocrx_word' id='word_1_2' title='bbox 1016 149 1188 218; x_wconf 70' lang='grc' dir='ltr'>σι’...</span> 
     </span>
    </p>
   </div>
   <div class='ocr_carea' id='block_1_2' title="bbox 191 287 1910 912">
    <p class='ocr_par' dir='ltr' id='par_1_2' title="bbox 197 287 1910 450">
     <span class='ocr_line' id='line_1_2' title="bbox 260 287 1910 342; baseline -0.003 -2.892"><span class='ocrx_word' id='word_1_3' title='bbox 260 287 503 338; x_wconf 54' lang='lat' dir='ltr'>mm</span> <span class='ocrx_word' id='word_1_4' title='bbox 511 287 843 342; x_wconf 59' lang='lat' dir='ltr'>mffiffifl-</span> <span class='ocrx_word' id='word_1_5' title='bbox 857 289 1100 341; x_wconf 60' lang='grc' dir='ltr'>ιῖωιῖῳγᾶρ</span> <span class='ocrx_word' id='word_1_6' title='bbox 1132 289 1453 331; x_wconf 58' lang='lat' dir='ltr'>offxotdcaetcm</span> <span class='ocrx_word' id='word_1_7' title='bbox 1464 292 1676 340; x_wconf 68' lang='grc' dir='ltr'>συμβαλέειν</span> <span class='ocrx_word' id='word_1_8' title='bbox 1698 293 1813 333; x_wconf 71' lang='grc' dir='ltr'><em>ἄλλον</em></span> <span class='ocrx_word' id='word_1_9' title='bbox 1833 307 1910 333; x_wconf 74' lang='lat' dir='ltr'>no-</span> 
     </span>
     <span class='ocr_line' id='line_1_3' title="bbox 202 341 1898 414; baseline 0.006 -35"><span class='ocrx_word' id='word_1_10' title='bbox 202 343 334 394; x_wconf 53' lang='lat' dir='ltr'>ma,-</span> <span class='ocrx_word' id='word_1_11' title='bbox 339 341 666 392; x_wconf 47' lang='lat' dir='ltr'>msto&amp;</span> <span class='ocrx_word' id='word_1_12' title='bbox 684 344 1428 395; x_wconf 57' lang='lat' dir='ltr'>nubwm-eonrmpomtm—</span> <span class='ocrx_word' id='word_1_13' title='bbox 1463 346 1898 414; x_wconf 66' lang='lat' dir='ltr'>Significatione-otuu:</span> 
     </span>
     <span class='ocr_line' id='line_1_4' title="bbox 197 398 1401 450; baseline -0.003 -9"><span class='ocrx_word' id='word_1_14' title='bbox 197 398 1157 450; x_wconf 49' lang='grc' dir='ltr'>ΜδιΜςώψψωωώὼ</span> <span class='ocrx_word' id='word_1_15' title='bbox 1185 402 1401 448; x_wconf 55' lang='lat' dir='ltr'>neoc„-</span> 
     </span>
    </p>

    <p class='ocr_par' dir='ltr' id='par_1_3' title="bbox 191 464 1905 912">
     <span class='ocr_line' id='line_1_5' title="bbox 211 464 1905 522; baseline 0.008 -20"><span class='ocrx_word' id='word_1_16' title='bbox 211 482 220 488; x_wconf 89' lang='lat'><strong>·</strong></span> <span class='ocrx_word' id='word_1_17' title='bbox 294 464 441 517; x_wconf 57' lang='lat' dir='ltr'>m?</span> <span class='ocrx_word' id='word_1_18' title='bbox 470 466 581 514; x_wconf 81' lang='lat' dir='ltr'>utilis,</span> <span class='ocrx_word' id='word_1_19' title='bbox 615 468 1038 518; x_wconf 13' lang='lat' dir='ltr'>bom—imminues·</span> <span class='ocrx_word' id='word_1_20' title='bbox 1051 488 1122 498; x_wconf 74' lang='lat'><em>...,</em></span> <span class='ocrx_word' id='word_1_21' title='bbox 1147 474 1196 522; x_wconf 68' lang='grc' dir='ltr'>τῷ</span> <span class='ocrx_word' id='word_1_22' title='bbox 1228 472 1270 508; x_wconf 72' lang='grc' dir='ltr'>δὲ</span> <span class='ocrx_word' id='word_1_23' title='bbox 1304 472 1445 522; x_wconf 69' lang='grc' dir='ltr'>πλῆθει</span> <span class='ocrx_word' id='word_1_24' title='bbox 1476 473 1741 519; x_wconf 63' lang='grc' dir='ltr'>τῦνοχαλὶδιιν</span> <span class='ocrx_word' id='word_1_25' title='bbox 1762 475 1905 515; x_wconf 65' lang='lat' dir='ltr'>otdrd</span> 
     </span>
     <span class='ocr_line' id='line_1_6' title="bbox 193 521 1897 646; baseline 0.005 -87"><span class='ocrx_word' id='word_1_26' title='bbox 193 525 541 646; x_wconf 36' lang='lat' dir='ltr'>ssffzssffl</span> <span class='ocrx_word' id='word_1_27' title='bbox 490 523 671 572; x_wconf 61' lang='lat' dir='ltr'>nodedu.</span> <span class='ocrx_word' id='word_1_28' title='bbox 702 521 1030 575; x_wconf 63' lang='lat' dir='ltr'>Xenophcp&#39;og.</span> <span class='ocrx_word' id='word_1_29' title='bbox 1053 527 1151 574; x_wconf 83' lang='grc'><strong>2,9.</strong></span> <span class='ocrx_word' id='word_1_30' title='bbox 1190 526 1334 564; x_wconf 77' lang='lat' dir='ltr'>furculis</span> <span class='ocrx_word' id='word_1_31' title='bbox 1365 527 1411 564; x_wconf 85' lang='lat' dir='ltr'>ad</span> <span class='ocrx_word' id='word_1_32' title='bbox 1442 527 1529 565; x_wconf 75' lang='lat' dir='ltr'>retia</span> <span class='ocrx_word' id='word_1_33' title='bbox 1560 526 1612 564; x_wconf 82' lang='lat' dir='ltr'>nti</span> <span class='ocrx_word' id='word_1_34' title='bbox 1643 527 1804 567; x_wconf 66' lang='lat' dir='ltr'>lieec—</span> <span class='ocrx_word' id='word_1_35' title='bbox 1850 531 1897 570; x_wconf 74' lang='lat' dir='ltr'>cs.</span> 
     </span>
     <span class='ocr_line' id='line_1_7' title="bbox 206 647 1896 709; baseline 0.004 -20"><span class='ocrx_word' id='word_1_36' title='bbox 206 651 211 654; x_wconf 74' lang='lat'>&#39;</span> <span class='ocrx_word' id='word_1_37' title='bbox 292 655 333 690; x_wconf 75' lang='lat' dir='ltr'>In</span> <span class='ocrx_word' id='word_1_38' title='bbox 355 647 455 690; x_wconf 70' lang='lat' dir='ltr'>bisce</span> <span class='ocrx_word' id='word_1_39' title='bbox 473 651 518 689; x_wconf 83' lang='lat' dir='ltr'>ad</span> <span class='ocrx_word' id='word_1_40' title='bbox 542 658 675 709; x_wconf 82' lang='lat' dir='ltr'>tempus</span> <span class='ocrx_word' id='word_1_41' title='bbox 698 652 962 702; x_wconf 77' lang='lat' dir='ltr'>acquiescamus,</span> <span class='ocrx_word' id='word_1_42' title='bbox 985 654 1220 705; x_wconf 75' lang='lat' dir='ltr'>exemplunm</span> <span class='ocrx_word' id='word_1_43' title='bbox 1241 655 1429 693; x_wconf 82' lang='lat' dir='ltr'>rationibus</span> <span class='ocrx_word' id='word_1_44' title='bbox 1450 669 1518 692; x_wconf 85' lang='lat' dir='ltr'>non</span> <span class='ocrx_word' id='word_1_45' title='bbox 1538 655 1622 693; x_wconf 78' lang='lat' dir='ltr'>satis</span> <span class='ocrx_word' id='word_1_46' title='bbox 1645 655 1692 692; x_wconf 81' lang='lat' dir='ltr'>ad</span> <span class='ocrx_word' id='word_1_47' title='bbox 1713 656 1806 695; x_wconf 76' lang='lat' dir='ltr'>banc</span> <span class='ocrx_word' id='word_1_48' title='bbox 1825 671 1896 696; x_wconf 82' lang='lat' dir='ltr'>rem</span> 
     </span>
     <span class='ocr_line' id='line_1_8' title="bbox 197 700 1895 762; baseline 0.004 -16"><span class='ocrx_word' id='word_1_49' title='bbox 197 700 437 759; x_wconf 80' lang='lat' dir='ltr'>spectantibus</span> <span class='ocrx_word' id='word_1_50' title='bbox 454 700 667 745; x_wconf 81' lang='lat' dir='ltr'>collectorum</span> <span class='ocrx_word' id='word_1_51' title='bbox 691 707 821 746; x_wconf 79' lang='lat' dir='ltr'>defectu</span> <span class='ocrx_word' id='word_1_52' title='bbox 845 709 1086 747; x_wconf 75' lang='lat' dir='ltr'><strong>accuratiorem</strong></span> <span class='ocrx_word' id='word_1_53' title='bbox 1110 709 1154 746; x_wconf 88' lang='lat' dir='ltr'>de</span> <span class='ocrx_word' id='word_1_54' title='bbox 1177 723 1215 747; x_wconf 89' lang='lat' dir='ltr'>re</span> <span class='ocrx_word' id='word_1_55' title='bbox 1236 710 1411 748; x_wconf 82' lang='lat' dir='ltr'>instituere</span> <span class='ocrx_word' id='word_1_56' title='bbox 1434 703 1700 758; x_wconf 86' lang='lat' dir='ltr'>disquisitionem</span> <span class='ocrx_word' id='word_1_57' title='bbox 1722 711 1895 762; x_wconf 78' lang='lat' dir='ltr'>impediti.</span> 
     </span>
     <span class='ocr_line' id='line_1_9' title="bbox 194 762 1897 818; baseline 0.002 -17"><span class='ocrx_word' id='word_1_58' title='bbox 194 762 319 818; x_wconf 73' lang='lat' dir='ltr'>Quod</span> <span class='ocrx_word' id='word_1_59' title='bbox 329 762 418 800; x_wconf 89' lang='lat' dir='ltr'>enim</span> <span class='ocrx_word' id='word_1_60' title='bbox 451 763 632 816; x_wconf 80' lang='lat' dir='ltr'>uuicuique</span> <span class='ocrx_word' id='word_1_61' title='bbox 664 763 803 811; x_wconf 84' lang='lat' dir='ltr'>accidit,</span> <span class='ocrx_word' id='word_1_62' title='bbox 837 773 874 801; x_wconf 87' lang='grc' dir='ltr'>ιιι</span> <span class='ocrx_word' id='word_1_63' title='bbox 906 766 950 802; x_wconf 85' lang='lat' dir='ltr'>de</span> <span class='ocrx_word' id='word_1_64' title='bbox 979 779 1017 802; x_wconf 92' lang='lat' dir='ltr'>re</span> <span class='ocrx_word' id='word_1_65' title='bbox 1040 765 1157 814; x_wconf 84' lang='lat' dir='ltr'>aliqua</span> <span class='ocrx_word' id='word_1_66' title='bbox 1181 778 1364 813; x_wconf 83' lang='lat' dir='ltr'>quaerens,</span> <span class='ocrx_word' id='word_1_67' title='bbox 1395 765 1508 803; x_wconf 84' lang='lat' dir='ltr'>statim</span> <span class='ocrx_word' id='word_1_68' title='bbox 1531 766 1577 802; x_wconf 84' lang='lat' dir='ltr'>ab</span> <span class='ocrx_word' id='word_1_69' title='bbox 1599 765 1694 803; x_wconf 86' lang='lat' dir='ltr'>initio</span> <span class='ocrx_word' id='word_1_70' title='bbox 1718 780 1786 804; x_wconf 88' lang='lat' dir='ltr'>non</span> <span class='ocrx_word' id='word_1_71' title='bbox 1811 781 1897 805; x_wconf 88' lang='lat' dir='ltr'>con-</span> 
     </span>
     <span class='ocr_line' id='line_1_10' title="bbox 191 802 1895 912; baseline 0.002 -56"><span class='ocrx_word' id='word_1_72' title='bbox 191 809 495 912; x_wconf 46' lang='grc' dir='ltr'>ἓιίἷὶιιὶιέξωὲιιῐιι</span> <span class='ocrx_word' id='word_1_73' title='bbox 487 802 555 856; x_wconf 80' lang='lat' dir='ltr'>imo</span> <span class='ocrx_word' id='word_1_74' title='bbox 585 831 629 855; x_wconf 91' lang='lat' dir='ltr'>ne</span> <span class='ocrx_word' id='word_1_75' title='bbox 653 818 806 857; x_wconf 86' lang='lat' dir='ltr'>divinare</span> <span class='ocrx_word' id='word_1_76' title='bbox 829 820 966 868; x_wconf 86' lang='lat' dir='ltr'>quidem</span> <span class='ocrx_word' id='word_1_77' title='bbox 988 820 1115 870; x_wconf 80' lang='lat' dir='ltr'>possit,</span> <span class='ocrx_word' id='word_1_78' title='bbox 1148 833 1215 868; x_wconf 89' lang='lat' dir='ltr'>quo</span> <span class='ocrx_word' id='word_1_79' title='bbox 1238 819 1444 869; x_wconf 72' lang='lat' dir='ltr'>quaestionis</span> <span class='ocrx_word' id='word_1_80' title='bbox 1467 833 1568 858; x_wconf 81' lang='lat' dir='ltr'>cursu</span> <span class='ocrx_word' id='word_1_81' title='bbox 1591 820 1775 870; x_wconf 80' lang='lat' dir='ltr'>deferatur,</span> <span class='ocrx_word' id='word_1_82' title='bbox 1798 823 1835 859; x_wconf 87' lang='lat' dir='ltr'>id</span> <span class='ocrx_word' id='word_1_83' title='bbox 1859 830 1895 860; x_wconf 86' lang='lat' dir='ltr'>et</span> 
     </span>
    </p>
   </div>
   <div class='ocr_carea' id='block_1_3' title="bbox 891 983 1188 1017">
    <p class='ocr_par' dir='ltr' id='par_1_4' title="bbox 891 983 1188 1017">
     <span class='ocr_line' id='line_1_11' title="bbox 891 983 1188 1017; baseline 0.003 -1"><span class='ocrx_word' id='word_1_84' title='bbox 891 983 1072 1017; x_wconf 84' lang='lat' dir='ltr'>CAPUT</span> <span class='ocrx_word' id='word_1_85' title='bbox 1114 984 1188 1017; x_wconf 88' lang='lat'>111.</span> 
     </span>
    </p>
   </div>
   <div class='ocr_carea' id='block_1_4' title="bbox 183 1041 1889 2153">
    <p class='ocr_par' dir='ltr' id='par_1_5' title="bbox 183 1041 1889 2153">
     <span class='ocr_line' id='line_1_12' title="bbox 286 1041 1889 1101; baseline 0 -12"><span class='ocrx_word' id='word_1_86' title='bbox 286 1053 374 1089; x_wconf 88' lang='lat' dir='ltr'>Sunt</span> <span class='ocrx_word' id='word_1_87' title='bbox 404 1041 503 1097; x_wconf 88' lang='lat' dir='ltr'>vero,</span> <span class='ocrx_word' id='word_1_88' title='bbox 536 1062 624 1098; x_wconf 87' lang='lat' dir='ltr'>quae</span> <span class='ocrx_word' id='word_1_89' title='bbox 656 1050 903 1101; x_wconf 80' lang='lat' dir='ltr'>quodammodo</span> <span class='ocrx_word' id='word_1_90' title='bbox 935 1052 1088 1099; x_wconf 84' lang='lat' dir='ltr'>regulam</span> <span class='ocrx_word' id='word_1_91' title='bbox 1120 1063 1224 1101; x_wconf 82' lang='lat' dir='ltr'>supra</span> <span class='ocrx_word' id='word_1_92' title='bbox 1254 1051 1461 1101; x_wconf 75' lang='lat' dir='ltr'><strong>propositam</strong></span> <span class='ocrx_word' id='word_1_93' title='bbox 1484 1051 1694 1088; x_wconf 83' lang='lat' dir='ltr'>subvertunt.</span> <span class='ocrx_word' id='word_1_94' title='bbox 1750 1052 1798 1088; x_wconf 73' lang='lat' dir='ltr'>At</span> <span class='ocrx_word' id='word_1_95' title='bbox 1819 1064 1889 1089; x_wconf 82' lang='lat' dir='ltr'>non</span> 
     </span>
     <span class='ocr_line' id='line_1_13' title="bbox 190 1106 1888 1172; baseline 0.001 -28"><span class='ocrx_word' id='word_1_96' title='bbox 190 1114 259 1154; x_wconf 85' lang='lat' dir='ltr'>est,</span> <span class='ocrx_word' id='word_1_97' title='bbox 282 1106 373 1156; x_wconf 89' lang='lat' dir='ltr'>quod</span> <span class='ocrx_word' id='word_1_98' title='bbox 395 1106 572 1154; x_wconf 87' lang='lat' dir='ltr'>miremur,</span> <span class='ocrx_word' id='word_1_99' title='bbox 604 1119 684 1143; x_wconf 84' lang='lat' dir='ltr'>uam</span> <span class='ocrx_word' id='word_1_100' title='bbox 705 1106 937 1155; x_wconf 80' lang='lat' dir='ltr'>discrimina&#39;</span> <span class='ocrx_word' id='word_1_101' title='bbox 924 1120 961 1154; x_wconf 81' lang='grc' dir='ltr'>ιιι</span> <span class='ocrx_word' id='word_1_102' title='bbox 983 1107 1106 1154; x_wconf 79' lang='lat' dir='ltr'>rebus,</span> <span class='ocrx_word' id='word_1_103' title='bbox 1130 1120 1219 1155; x_wconf 87' lang='lat' dir='ltr'>quae</span> <span class='ocrx_word' id='word_1_104' title='bbox 1240 1109 1411 1156; x_wconf 83' lang='lat' dir='ltr'>sejunctae</span> <span class='ocrx_word' id='word_1_105' title='bbox 1433 1116 1512 1145; x_wconf 86' lang='lat' dir='ltr'>sunt</span> <span class='ocrx_word' id='word_1_106' title='bbox 1535 1120 1557 1145; x_wconf 90' lang='lat' dir='ltr'>a</span> <span class='ocrx_word' id='word_1_107' title='bbox 1580 1106 1753 1154; x_wconf 77' lang='lat' dir='ltr'>sensibus,</span> <span class='ocrx_word' id='word_1_108' title='bbox 1773 1107 1888 1172; x_wconf 78' lang='lat' dir='ltr'>posita</span> 
     </span>
     <span class='ocr_line' id='line_1_14' title="bbox 189 1161 1887 1215; baseline -0.001 -15"><span class='ocrx_word' id='word_1_109' title='bbox 189 1162 316 1205; x_wconf 52' lang='lat' dir='ltr'>arctim,</span> <span class='ocrx_word' id='word_1_110' title='bbox 321 1162 449 1206; x_wconf 86' lang='lat' dir='ltr'>includi</span> <span class='ocrx_word' id='word_1_111' title='bbox 479 1169 649 1210; x_wconf 85' lang='lat' dir='ltr'>nequeunt</span> <span class='ocrx_word' id='word_1_112' title='bbox 679 1161 825 1207; x_wconf 83' lang='lat' dir='ltr'>finibus,</span> <span class='ocrx_word' id='word_1_113' title='bbox 855 1175 967 1209; x_wconf 84' lang='lat' dir='ltr'>neque</span> <span class='ocrx_word' id='word_1_114' title='bbox 999 1163 1122 1198; x_wconf 76' lang='lat' dir='ltr'>desunt</span> <span class='ocrx_word' id='word_1_115' title='bbox 1143 1163 1304 1199; x_wconf 82' lang='lat' dir='ltr'>transitus</span> <span class='ocrx_word' id='word_1_116' title='bbox 1327 1171 1362 1198; x_wconf 88' lang='lat' dir='ltr'>et</span> <span class='ocrx_word' id='word_1_117' title='bbox 1384 1163 1529 1208; x_wconf 83' lang='lat' dir='ltr'>gradus,</span> <span class='ocrx_word' id='word_1_118' title='bbox 1562 1161 1625 1197; x_wconf 85' lang='lat' dir='ltr'>etsi</span> <span class='ocrx_word' id='word_1_119' title='bbox 1647 1175 1716 1215; x_wconf 83' lang='lat' dir='ltr'>non</span> <span class='ocrx_word' id='word_1_120' title='bbox 1738 1162 1887 1208; x_wconf 78' lang='lat' dir='ltr'>cujusvis</span> 
     </span>
     <span class='ocr_line' id='line_1_15' title="bbox 190 1215 1888 1267; baseline 0 -13"><span class='ocrx_word' id='word_1_121' title='bbox 190 1217 297 1255; x_wconf 83' lang='lat' dir='ltr'>oculis</span> <span class='ocrx_word' id='word_1_122' title='bbox 329 1216 439 1266; x_wconf 87' lang='lat' dir='ltr'>primo</span> <span class='ocrx_word' id='word_1_123' title='bbox 472 1215 637 1265; x_wconf 80' lang='lat' dir='ltr'>adspectu</span> <span class='ocrx_word' id='word_1_124' title='bbox 669 1224 862 1262; x_wconf 83' lang='lat' dir='ltr'>occurrant,</span> <span class='ocrx_word' id='word_1_125' title='bbox 904 1215 1029 1264; x_wconf 86' lang='lat' dir='ltr'>quibus</span> <span class='ocrx_word' id='word_1_126' title='bbox 1060 1215 1186 1259; x_wconf 79' lang='lat' dir='ltr'>sensim</span> <span class='ocrx_word' id='word_1_127' title='bbox 1218 1230 1260 1254; x_wconf 88' lang='lat' dir='ltr'>ac</span> <span class='ocrx_word' id='word_1_128' title='bbox 1290 1216 1495 1267; x_wconf 71' lang='lat' dir='ltr'>pedetentim</span> <span class='ocrx_word' id='word_1_129' title='bbox 1526 1215 1679 1252; x_wconf 82' lang='lat' dir='ltr'>notiones</span> <span class='ocrx_word' id='word_1_130' title='bbox 1712 1215 1888 1254; x_wconf 85' lang='lat' dir='ltr'>distinctae</span> 
     </span>
     <span class='ocr_line' id='line_1_16' title="bbox 189 1270 1887 1321; baseline -0.001 -11"><span class='ocrx_word' id='word_1_131' title='bbox 189 1273 391 1311; x_wconf 86' lang='lat' dir='ltr'>coalescant.</span> <span class='ocrx_word' id='word_1_132' title='bbox 416 1292 463 1300; x_wconf 94' lang='lat'>—</span> <span class='ocrx_word' id='word_1_133' title='bbox 510 1270 730 1310; x_wconf 80' lang='lat' dir='ltr'>Inveniuntur</span> <span class='ocrx_word' id='word_1_134' title='bbox 752 1271 871 1320; x_wconf 89' lang='lat' dir='ltr'>utique</span> <span class='ocrx_word' id='word_1_135' title='bbox 899 1272 1058 1321; x_wconf 85' lang='lat' dir='ltr'>exempla</span> <span class='ocrx_word' id='word_1_136' title='bbox 1081 1285 1232 1320; x_wconf 83' lang='lat' dir='ltr'>quoque,</span> <span class='ocrx_word' id='word_1_137' title='bbox 1266 1286 1353 1321; x_wconf 89' lang='lat' dir='ltr'>quae</span> <span class='ocrx_word' id='word_1_138' title='bbox 1384 1271 1519 1320; x_wconf 83' lang='lat' dir='ltr'>legibus</span> <span class='ocrx_word' id='word_1_139' title='bbox 1542 1274 1680 1321; x_wconf 76' lang='lat' dir='ltr'>prorsus</span> <span class='ocrx_word' id='word_1_140' title='bbox 1703 1280 1782 1308; x_wconf 85' lang='lat' dir='ltr'>snut</span> <span class='ocrx_word' id='word_1_141' title='bbox 1805 1285 1887 1310; x_wconf 85' lang='lat' dir='ltr'>con-</span> 
     </span>
     <span class='ocr_line' id='line_1_17' title="bbox 187 1326 1886 1376; baseline 0 -11"><span class='ocrx_word' id='word_1_142' title='bbox 187 1329 313 1375; x_wconf 85' lang='lat' dir='ltr'>traria,</span> <span class='ocrx_word' id='word_1_143' title='bbox 346 1328 407 1365; x_wconf 90' lang='lat' dir='ltr'>sed</span> <span class='ocrx_word' id='word_1_144' title='bbox 431 1327 517 1364; x_wconf 83' lang='lat' dir='ltr'>haec</span> <span class='ocrx_word' id='word_1_145' title='bbox 540 1326 746 1363; x_wconf 83' lang='lat' dir='ltr'>traducenda</span> <span class='ocrx_word' id='word_1_146' title='bbox 768 1335 847 1364; x_wconf 88' lang='lat' dir='ltr'>sunt</span> <span class='ocrx_word' id='word_1_147' title='bbox 875 1327 920 1364; x_wconf 87' lang='lat' dir='ltr'>ad</span> <span class='ocrx_word' id='word_1_148' title='bbox 943 1327 1114 1364; x_wconf 76' lang='lat' dir='ltr'>licentiam</span> <span class='ocrx_word' id='word_1_149' title='bbox 1135 1327 1392 1376; x_wconf 74' lang='lat' dir='ltr'>libertatemque</span> <span class='ocrx_word' id='word_1_150' title='bbox 1415 1327 1571 1375; x_wconf 82' lang='lat' dir='ltr'>linguae,</span> <span class='ocrx_word' id='word_1_151' title='bbox 1603 1327 1694 1363; x_wconf 89' lang='lat' dir='ltr'>unde</span> <span class='ocrx_word' id='word_1_152' title='bbox 1717 1328 1886 1365; x_wconf 76' lang='lat' dir='ltr'>emanavit</span> 
     </span>
     <span class='ocr_line' id='line_1_18' title="bbox 187 1379 1884 1430; baseline -0.001 -9"><span class='ocrx_word' id='word_1_153' title='bbox 187 1393 304 1421; x_wconf 86' lang='lat' dir='ltr'>notum</span> <span class='ocrx_word' id='word_1_154' title='bbox 325 1383 414 1420; x_wconf 93' lang='lat' dir='ltr'>illud</span> <span class='ocrx_word' id='word_1_155' title='bbox 437 1395 478 1419; x_wconf 89' lang='lat' dir='ltr'>ac</span> <span class='ocrx_word' id='word_1_156' title='bbox 501 1382 636 1419; x_wconf 79' lang='lat' dir='ltr'>tritum:</span> <span class='ocrx_word' id='word_1_157' title='bbox 676 1379 802 1426; x_wconf 33' lang='lat' dir='ltr'>*nulla</span> <span class='ocrx_word' id='word_1_158' title='bbox 825 1384 952 1429; x_wconf 69' lang='lat' dir='ltr'>reg-ula</span> <span class='ocrx_word' id='word_1_159' title='bbox 973 1384 1048 1419; x_wconf 73' lang='grc' dir='ltr'>εἰπε</span> <span class='ocrx_word' id='word_1_160' title='bbox 1071 1384 1290 1430; x_wconf 75' lang='lat' dir='ltr'>evceptz&#39;one.</span> <span class='ocrx_word' id='word_1_161' title='bbox 1294 1388 1320 1406; x_wconf 89' lang='lat'>“</span> <span class='ocrx_word' id='word_1_162' title='bbox 1366 1386 1444 1419; x_wconf 86' lang='lat' dir='ltr'>Huc</span> <span class='ocrx_word' id='word_1_163' title='bbox 1467 1396 1546 1419; x_wconf 91' lang='lat' dir='ltr'>vero</span> <span class='ocrx_word' id='word_1_164' title='bbox 1568 1382 1704 1419; x_wconf 87' lang='lat' dir='ltr'>minime</span> <span class='ocrx_word' id='word_1_165' title='bbox 1727 1391 1806 1420; x_wconf 87' lang='lat' dir='ltr'>sunt</span> <span class='ocrx_word' id='word_1_166' title='bbox 1826 1396 1884 1421; x_wconf 86' lang='lat' dir='ltr'>re-</span> 
     </span>
     <span class='ocr_line' id='line_1_19' title="bbox 186 1438 1882 1488; baseline -0.001 -12"><span class='ocrx_word' id='word_1_167' title='bbox 186 1440 327 1477; x_wconf 83' lang='lat' dir='ltr'>serenda</span> <span class='ocrx_word' id='word_1_168' title='bbox 357 1439 438 1485; x_wconf 80' lang='lat' dir='ltr'>illa,</span> <span class='ocrx_word' id='word_1_169' title='bbox 472 1451 560 1486; x_wconf 86' lang='lat' dir='ltr'>quae</span> <span class='ocrx_word' id='word_1_170' title='bbox 591 1438 750 1486; x_wconf 80' lang='lat' dir='ltr'>leguntur</span> <span class='ocrx_word' id='word_1_171' title='bbox 781 1439 875 1487; x_wconf 84' lang='lat' dir='ltr'>apud</span> <span class='ocrx_word' id='word_1_172' title='bbox 906 1439 1086 1488; x_wconf 75' lang='lat' dir='ltr'>scriptores</span> <span class='ocrx_word' id='word_1_173' title='bbox 1118 1439 1312 1487; x_wconf 87' lang='lat' dir='ltr'>posterioris</span> <span class='ocrx_word' id='word_1_174' title='bbox 1345 1439 1484 1485; x_wconf 85' lang='lat' dir='ltr'>aetatis,</span> <span class='ocrx_word' id='word_1_175' title='bbox 1517 1447 1550 1475; x_wconf 92' lang='lat' dir='ltr'>et</span> <span class='ocrx_word' id='word_1_176' title='bbox 1582 1438 1699 1486; x_wconf 90' lang='lat' dir='ltr'>optimi</span> <span class='ocrx_word' id='word_1_177' title='bbox 1722 1438 1788 1475; x_wconf 86' lang='lat' dir='ltr'>soli</span> <span class='ocrx_word' id='word_1_178' title='bbox 1811 1452 1882 1476; x_wconf 86' lang='lat' dir='ltr'>rem</span> 
     </span>
     <span class='ocr_line' id='line_1_20' title="bbox 186 1490 1882 1545; baseline -0.001 -14"><span class='ocrx_word' id='word_1_179' title='bbox 186 1495 350 1536; x_wconf 81' lang='lat' dir='ltr'>inclinare</span> <span class='ocrx_word' id='word_1_180' title='bbox 374 1501 534 1545; x_wconf 81' lang='lat' dir='ltr'>possunt.</span> <span class='ocrx_word' id='word_1_181' title='bbox 558 1512 605 1521; x_wconf 86' lang='lat'>—-</span> <span class='ocrx_word' id='word_1_182' title='bbox 655 1494 766 1537; x_wconf 76' lang='lat' dir='ltr'>Quam</span> <span class='ocrx_word' id='word_1_183' title='bbox 799 1490 844 1530; x_wconf 84' lang='lat' dir='ltr'>ob</span> <span class='ocrx_word' id='word_1_184' title='bbox 877 1507 947 1530; x_wconf 88' lang='lat' dir='ltr'>rem</span> <span class='ocrx_word' id='word_1_185' title='bbox 980 1507 1049 1530; x_wconf 85' lang='lat' dir='ltr'>non</span> <span class='ocrx_word' id='word_1_186' title='bbox 1081 1494 1325 1530; x_wconf 87' lang='lat' dir='ltr'>incommodum</span> <span class='ocrx_word' id='word_1_187' title='bbox 1359 1492 1443 1529; x_wconf 86' lang='lat' dir='ltr'>mihi</span> <span class='ocrx_word' id='word_1_188' title='bbox 1467 1507 1542 1531; x_wconf 84' lang='lat' dir='ltr'>esse</span> <span class='ocrx_word' id='word_1_189' title='bbox 1566 1493 1697 1530; x_wconf 82' lang='lat' dir='ltr'>videtur</span> <span class='ocrx_word' id='word_1_190' title='bbox 1729 1493 1808 1529; x_wconf 87' lang='lat' dir='ltr'>huic</span> <span class='ocrx_word' id='word_1_191' title='bbox 1830 1494 1882 1530; x_wconf 87' lang='lat' dir='ltr'>rei</span> 
     </span>
     <span class='ocr_line' id='line_1_21' title="bbox 187 1542 1884 1598; baseline -0.001 -10"><span class='ocrx_word' id='word_1_192' title='bbox 187 1551 350 1595; x_wconf 85' lang='lat' dir='ltr'>rationem</span> <span class='ocrx_word' id='word_1_193' title='bbox 382 1562 594 1598; x_wconf 85' lang='lat' dir='ltr'>comparare,</span> <span class='ocrx_word' id='word_1_194' title='bbox 627 1561 715 1596; x_wconf 85' lang='lat' dir='ltr'>quae</span> <span class='ocrx_word' id='word_1_195' title='bbox 747 1548 784 1584; x_wconf 85' lang='lat' dir='ltr'>in</span> <span class='ocrx_word' id='word_1_196' title='bbox 808 1563 871 1586; x_wconf 88' lang='lat' dir='ltr'>usu</span> <span class='ocrx_word' id='word_1_197' title='bbox 896 1548 1135 1597; x_wconf 75' lang='lat' dir='ltr'>adjectivorum</span> <span class='ocrx_word' id='word_1_198' title='bbox 1160 1550 1346 1586; x_wconf 80' lang='lat' dir='ltr'>verbalium</span> <span class='ocrx_word' id='word_1_199' title='bbox 1370 1550 1548 1586; x_wconf 83' lang='lat' dir='ltr'>latinorum</span> <span class='ocrx_word' id='word_1_200' title='bbox 1581 1549 1618 1585; x_wconf 88' lang='lat' dir='ltr'>in</span> <span class='ocrx_word' id='word_1_201' title='bbox 1637 1542 1698 1585; x_wconf 84' lang='lat' dir='ltr'>ilis</span> <span class='ocrx_word' id='word_1_202' title='bbox 1739 1558 1773 1585; x_wconf 87' lang='lat' dir='ltr'>et</span> <span class='ocrx_word' id='word_1_203' title='bbox 1788 1542 1884 1586; x_wconf 75' lang='lat' dir='ltr'>bilis</span> 
     </span>
     <span class='ocr_line' id='line_1_22' title="bbox 187 1603 1879 1652; baseline -0.001 -10"><span class='ocrx_word' id='word_1_204' title='bbox 187 1606 382 1642; x_wconf 81' lang='lat' dir='ltr'>exeuntium</span> <span class='ocrx_word' id='word_1_205' title='bbox 406 1604 630 1641; x_wconf 82' lang='lat' dir='ltr'>obtinebatur.</span> <span class='ocrx_word' id='word_1_206' title='bbox 686 1605 823 1640; x_wconf 80' lang='lat' dir='ltr'>Praeter</span> <span class='ocrx_word' id='word_1_207' title='bbox 846 1605 975 1651; x_wconf 79' lang='lat' dir='ltr'>aliquot</span> <span class='ocrx_word' id='word_1_208' title='bbox 997 1604 1183 1652; x_wconf 86' lang='lat' dir='ltr'>Participia</span> <span class='ocrx_word' id='word_1_209' title='bbox 1207 1604 1297 1640; x_wconf 83' lang='lat' dir='ltr'>Pers.</span> <span class='ocrx_word' id='word_1_210' title='bbox 1322 1607 1418 1640; x_wconf 85' lang='lat' dir='ltr'>Pass.</span> <span class='ocrx_word' id='word_1_211' title='bbox 1451 1611 1508 1639; x_wconf 86' lang='grc' dir='ltr'>ιιι·</span> <span class='ocrx_word' id='word_1_212' title='bbox 1550 1603 1742 1647; x_wconf 81' lang='lat' dir='ltr'>inaccessus</span> <span class='ocrx_word' id='word_1_213' title='bbox 1776 1614 1879 1650; x_wconf 57' lang='lat' dir='ltr'>ungue</span> 
     </span>
     <span class='ocr_line' id='line_1_23' title="bbox 186 1652 1880 1709; baseline -0.002 -10"><span class='ocrx_word' id='word_1_214' title='bbox 186 1659 361 1709; x_wconf 65' lang='lat' dir='ltr'>gciufllstl),</span> <span class='ocrx_word' id='word_1_215' title='bbox 393 1659 536 1698; x_wconf 83' lang='lat' dir='ltr'>insectus</span> <span class='ocrx_word' id='word_1_216' title='bbox 560 1659 648 1703; x_wconf 76' lang='lat' dir='ltr'>nitbt</span> <span class='ocrx_word' id='word_1_217' title='bbox 674 1658 840 1704; x_wconf 70' lang='lat' dir='ltr'>tbunlt&#39;d),</span> <span class='ocrx_word' id='word_1_218' title='bbox 872 1658 1017 1696; x_wconf 87' lang='lat' dir='ltr'>invictus</span> <span class='ocrx_word' id='word_1_219' title='bbox 1042 1659 1256 1706; x_wconf 65' lang='lat' dir='ltr'>unbessegbnt</span> <span class='ocrx_word' id='word_1_220' title='bbox 1281 1666 1343 1695; x_wconf 89' lang='lat' dir='ltr'>etc.</span> <span class='ocrx_word' id='word_1_221' title='bbox 1380 1652 1477 1695; x_wconf 84' lang='lat' dir='ltr'>haec</span> <span class='ocrx_word' id='word_1_222' title='bbox 1488 1658 1654 1707; x_wconf 86' lang='lat' dir='ltr'>adjectiva</span> <span class='ocrx_word' id='word_1_223' title='bbox 1676 1659 1750 1695; x_wconf 83' lang='lat' dir='ltr'>sola</span> <span class='ocrx_word' id='word_1_224' title='bbox 1772 1657 1880 1706; x_wconf 84' lang='lat' dir='ltr'>signi-</span> 
     </span>
     <span class='ocr_line' id='line_1_24' title="bbox 184 1714 1878 1767; baseline -0.001 -15"><span class='ocrx_word' id='word_1_225' title='bbox 184 1717 303 1752; x_wconf 83' lang='lat' dir='ltr'>ficatus</span> <span class='ocrx_word' id='word_1_226' title='bbox 326 1715 521 1764; x_wconf 81' lang='lat' dir='ltr'>potentialis</span> <span class='ocrx_word' id='word_1_227' title='bbox 545 1715 637 1751; x_wconf 89' lang='lat' dir='ltr'>vices</span> <span class='ocrx_word' id='word_1_228' title='bbox 660 1722 804 1751; x_wconf 86' lang='lat' dir='ltr'>tuentur.</span> <span class='ocrx_word' id='word_1_229' title='bbox 851 1717 931 1767; x_wconf 80' lang='lat' dir='ltr'>Ipsa</span> <span class='ocrx_word' id='word_1_230' title='bbox 955 1728 1034 1751; x_wconf 89' lang='lat' dir='ltr'>vero</span> <span class='ocrx_word' id='word_1_231' title='bbox 1058 1727 1220 1763; x_wconf 83' lang='lat' dir='ltr'>perrara</span> <span class='ocrx_word' id='word_1_232' title='bbox 1217 1723 1306 1759; x_wconf 84' lang='lat' dir='ltr'>sunt,</span> <span class='ocrx_word' id='word_1_233' title='bbox 1331 1722 1365 1750; x_wconf 86' lang='lat' dir='ltr'>et</span> <span class='ocrx_word' id='word_1_234' title='bbox 1382 1714 1582 1763; x_wconf 69' lang='lat' dir='ltr'>saepissime</span> <span class='ocrx_word' id='word_1_235' title='bbox 1597 1727 1709 1750; x_wconf 85' lang='lat' dir='ltr'>eorum</span> <span class='ocrx_word' id='word_1_236' title='bbox 1727 1714 1878 1750; x_wconf 86' lang='lat' dir='ltr'>notiones</span> 
     </span>
     <span class='ocr_line' id='line_1_25' title="bbox 184 1768 1879 1824; baseline -0.002 -16"><span class='ocrx_word' id='word_1_237' title='bbox 184 1771 277 1820; x_wconf 88' lang='lat' dir='ltr'>apud</span> <span class='ocrx_word' id='word_1_238' title='bbox 300 1770 480 1824; x_wconf 82' lang='lat' dir='ltr'>scriptores</span> <span class='ocrx_word' id='word_1_239' title='bbox 504 1770 648 1819; x_wconf 84' lang='lat' dir='ltr'>optimos</span> <span class='ocrx_word' id='word_1_240' title='bbox 671 1769 826 1818; x_wconf 83' lang='lat' dir='ltr'>pluribus</span> <span class='ocrx_word' id='word_1_241' title='bbox 842 1769 955 1817; x_wconf 82' lang='lat' dir='ltr'>verbis</span> <span class='ocrx_word' id='word_1_242' title='bbox 976 1779 1200 1819; x_wconf 84' lang='lat' dir='ltr'>exponuntur.</span> <span class='ocrx_word' id='word_1_243' title='bbox 1250 1768 1380 1805; x_wconf 85' lang='lat' dir='ltr'>Aetatis</span> <span class='ocrx_word' id='word_1_244' title='bbox 1404 1783 1532 1806; x_wconf 85' lang='lat' dir='ltr'>aeneae</span> <span class='ocrx_word' id='word_1_245' title='bbox 1556 1770 1686 1805; x_wconf 89' lang='lat' dir='ltr'>demum</span> <span class='ocrx_word' id='word_1_246' title='bbox 1711 1777 1744 1804; x_wconf 87' lang='lat' dir='ltr'>et</span> <span class='ocrx_word' id='word_1_247' title='bbox 1766 1769 1879 1804; x_wconf 83' lang='lat' dir='ltr'>luteae</span> 
     </span>
     <span class='ocr_line' id='line_1_26' title="bbox 185 1815 1878 1877; baseline -0.002 -12"><span class='ocrx_word' id='word_1_248' title='bbox 185 1827 363 1877; x_wconf 85' lang='lat' dir='ltr'>scriptores</span> <span class='ocrx_word' id='word_1_249' title='bbox 395 1834 519 1863; x_wconf 86' lang='lat' dir='ltr'>temere</span> <span class='ocrx_word' id='word_1_250' title='bbox 548 1835 650 1875; x_wconf 88' lang='lat' dir='ltr'>atque</span> <span class='ocrx_word' id='word_1_251' title='bbox 673 1825 832 1862; x_wconf 80' lang='lat' dir='ltr'>audacter</span> <span class='ocrx_word' id='word_1_252' title='bbox 864 1815 949 1862; x_wconf 80' lang='lat' dir='ltr'>haec</span> <span class='ocrx_word' id='word_1_253' title='bbox 972 1825 1138 1874; x_wconf 66' lang='lat' dir='ltr'>adjectiva</span> <span class='ocrx_word' id='word_1_254' title='bbox 1161 1824 1260 1862; x_wconf 89' lang='lat' dir='ltr'>toties</span> <span class='ocrx_word' id='word_1_255' title='bbox 1284 1824 1506 1873; x_wconf 77' lang='lat' dir='ltr'>effingebant,</span> <span class='ocrx_word' id='word_1_256' title='bbox 1540 1824 1668 1873; x_wconf 88' lang='lat' dir='ltr'>quoties</span> <span class='ocrx_word' id='word_1_257' title='bbox 1700 1824 1763 1862; x_wconf 85' lang='lat' dir='ltr'>illa</span> <span class='ocrx_word' id='word_1_258' title='bbox 1793 1823 1878 1874; x_wconf 83' lang='lat' dir='ltr'>ipsis</span> 
     </span>
     <span class='ocr_line' id='line_1_27' title="bbox 184 1880 1876 1931; baseline -0.003 -12"><span class='ocrx_word' id='word_1_259' title='bbox 184 1897 270 1931; x_wconf 82' lang='lat' dir='ltr'>opus</span> <span class='ocrx_word' id='word_1_260' title='bbox 293 1891 398 1918; x_wconf 86' lang='lat' dir='ltr'>erant.</span> <span class='ocrx_word' id='word_1_261' title='bbox 447 1882 598 1918; x_wconf 85' lang='lat' dir='ltr'>Gliscere</span> <span class='ocrx_word' id='word_1_262' title='bbox 622 1882 732 1929; x_wconf 87' lang='lat' dir='ltr'>coepit</span> <span class='ocrx_word' id='word_1_263' title='bbox 755 1895 868 1917; x_wconf 85' lang='lat' dir='ltr'>eorum</span> <span class='ocrx_word' id='word_1_264' title='bbox 893 1895 975 1918; x_wconf 88' lang='lat' dir='ltr'>usus</span> <span class='ocrx_word' id='word_1_265' title='bbox 999 1891 1033 1917; x_wconf 89' lang='lat' dir='ltr'>et</span> <span class='ocrx_word' id='word_1_266' title='bbox 1055 1882 1236 1926; x_wconf 87' lang='lat' dir='ltr'>vocabula,</span> <span class='ocrx_word' id='word_1_267' title='bbox 1261 1890 1318 1917; x_wconf 88' lang='grc' dir='ltr'>ιιι.</span> <span class='ocrx_word' id='word_1_268' title='bbox 1361 1882 1518 1927; x_wconf 81' lang='lat' dir='ltr'>visibilis,</span> <span class='ocrx_word' id='word_1_269' title='bbox 1551 1881 1733 1926; x_wconf 81' lang='lat' dir='ltr'>vincibilis,</span> <span class='ocrx_word' id='word_1_270' title='bbox 1765 1880 1876 1915; x_wconf 84' lang='lat' dir='ltr'>nosci-</span> 
     </span>
     <span class='ocr_line' id='line_1_28' title="bbox 183 1935 1875 1994; baseline -0.004 -19"><span class='ocrx_word' id='word_1_271' title='bbox 183 1938 274 1981; x_wconf 86' lang='lat' dir='ltr'>bilis,</span> <span class='ocrx_word' id='word_1_272' title='bbox 298 1936 482 1994; x_wconf 80' lang='lat' dir='ltr'>tangibilis,</span> <span class='ocrx_word' id='word_1_273' title='bbox 505 1936 728 1984; x_wconf 81' lang='lat' dir='ltr'>inductibilis,</span> <span class='ocrx_word' id='word_1_274' title='bbox 751 1937 959 1975; x_wconf 86' lang='lat' dir='ltr'>remissibilis</span> <span class='ocrx_word' id='word_1_275' title='bbox 983 1946 1017 1974; x_wconf 91' lang='lat' dir='ltr'>et</span> <span class='ocrx_word' id='word_1_276' title='bbox 1039 1936 1166 1974; x_wconf 82' lang='lat' dir='ltr'>similia</span> <span class='ocrx_word' id='word_1_277' title='bbox 1190 1936 1267 1972; x_wconf 87' lang='lat' dir='ltr'>trita</span> <span class='ocrx_word' id='word_1_278' title='bbox 1292 1936 1427 1973; x_wconf 84' lang='lat' dir='ltr'>suerunt</span> <span class='ocrx_word' id='word_1_279' title='bbox 1450 1946 1551 1986; x_wconf 85' lang='lat' dir='ltr'>atque</span> <span class='ocrx_word' id='word_1_280' title='bbox 1570 1935 1875 1975; x_wconf 79' lang='lat' dir='ltr'>usitata.1isdem</span> 
     </span>
     <span class='ocr_line' id='line_1_29' title="bbox 183 1989 1873 2047; baseline -0.004 -17"><span class='ocrx_word' id='word_1_281' title='bbox 183 1995 317 2030; x_wconf 80' lang='lat' dir='ltr'>casibus</span> <span class='ocrx_word' id='word_1_282' title='bbox 349 1993 532 2047; x_wconf 77' lang='lat' dir='ltr'>adjectiva</span> <span class='ocrx_word' id='word_1_283' title='bbox 545 2006 668 2041; x_wconf 73' lang='lat' dir='ltr'>graeca</span> <span class='ocrx_word' id='word_1_284' title='bbox 700 2002 778 2030; x_wconf 86' lang='lat' dir='ltr'>sunt</span> <span class='ocrx_word' id='word_1_285' title='bbox 805 1991 950 2040; x_wconf 74' lang='lat' dir='ltr'>jactata,</span> <span class='ocrx_word' id='word_1_286' title='bbox 992 2001 1029 2029; x_wconf 77' lang='lat' dir='ltr'>et</span> <span class='ocrx_word' id='word_1_287' title='bbox 1057 1992 1313 2039; x_wconf 75' lang='lat' dir='ltr'>significationis</span> <span class='ocrx_word' id='word_1_288' title='bbox 1347 1992 1556 2038; x_wconf 88' lang='lat' dir='ltr'>discrimina,</span> <span class='ocrx_word' id='word_1_289' title='bbox 1591 2005 1678 2039; x_wconf 83' lang='lat' dir='ltr'>quae</span> <span class='ocrx_word' id='word_1_290' title='bbox 1709 1989 1873 2038; x_wconf 83' lang='lat' dir='ltr'>principio</span> 
     </span>
     <span class='ocr_line' id='line_1_30' title="bbox 185 2041 1876 2102; baseline -0.002 -18"><span class='ocrx_word' id='word_1_291' title='bbox 185 2049 455 2095; x_wconf 73' lang='lat' dir='ltr'>intercedebant,</span> <span class='ocrx_word' id='word_1_292' title='bbox 483 2041 532 2085; x_wconf 84' lang='lat' dir='ltr'>ita</span> <span class='ocrx_word' id='word_1_293' title='bbox 554 2047 635 2085; x_wconf 88' lang='lat' dir='ltr'>ab</span> <span class='ocrx_word' id='word_1_294' title='bbox 622 2047 685 2094; x_wconf 80' lang='lat' dir='ltr'>iis,</span> <span class='ocrx_word' id='word_1_295' title='bbox 717 2050 775 2102; x_wconf 86' lang='lat' dir='ltr'>qui</span> <span class='ocrx_word' id='word_1_296' title='bbox 798 2057 934 2098; x_wconf 81' lang='lat' dir='ltr'>postera</span> <span class='ocrx_word' id='word_1_297' title='bbox 957 2056 1067 2085; x_wconf 82' lang='lat' dir='ltr'>aetate</span> <span class='ocrx_word' id='word_1_298' title='bbox 1090 2047 1306 2092; x_wconf 84' lang='lat' dir='ltr'>exstiterunt,</span> <span class='ocrx_word' id='word_1_299' title='bbox 1331 2055 1410 2083; x_wconf 87' lang='lat' dir='ltr'>sunt</span> <span class='ocrx_word' id='word_1_300' title='bbox 1432 2048 1544 2085; x_wconf 86' lang='lat' dir='ltr'>deleta</span> <span class='ocrx_word' id='word_1_301' title='bbox 1568 2056 1607 2085; x_wconf 86' lang='lat' dir='ltr'>et</span> <span class='ocrx_word' id='word_1_302' title='bbox 1623 2046 1813 2092; x_wconf 80' lang='lat' dir='ltr'>obliterata,</span> <span class='ocrx_word' id='word_1_303' title='bbox 1836 2052 1876 2081; x_wconf 87' lang='lat' dir='ltr'>ut</span> 
     </span>
     <span class='ocr_line' id='line_1_31' title="bbox 183 2103 1803 2153; baseline -0.002 -14"><span class='ocrx_word' id='word_1_304' title='bbox 183 2103 406 2152; x_wconf 80' lang='lat' dir='ltr'>quodcunque</span> <span class='ocrx_word' id='word_1_305' title='bbox 428 2104 628 2152; x_wconf 76' lang='lat' dir='ltr'>adjectivum</span> <span class='ocrx_word' id='word_1_306' title='bbox 651 2104 842 2153; x_wconf 86' lang='lat' dir='ltr'>promiscue</span> <span class='ocrx_word' id='word_1_307' title='bbox 871 2104 972 2141; x_wconf 86' lang='lat' dir='ltr'>modo</span> <span class='ocrx_word' id='word_1_308' title='bbox 993 2104 1059 2141; x_wconf 85' lang='lat' dir='ltr'>hoc</span> <span class='ocrx_word' id='word_1_309' title='bbox 1081 2103 1182 2140; x_wconf 84' lang='lat' dir='ltr'>modo</span> <span class='ocrx_word' id='word_1_310' title='bbox 1206 2104 1266 2139; x_wconf 79' lang='lat' dir='ltr'>illo</span> <span class='ocrx_word' id='word_1_311' title='bbox 1290 2103 1508 2151; x_wconf 81' lang='lat' dir='ltr'>insigniretur</span> <span class='ocrx_word' id='word_1_312' title='bbox 1530 2103 1731 2149; x_wconf 84' lang='lat' dir='ltr'>significatu.</span> <span class='ocrx_word' id='word_1_313' title='bbox 1755 2120 1803 2127; x_wconf 92' lang='lat'><strong>—</strong></span> 
     </span>
    </p>
   </div>
   <div class='ocr_carea' id='block_1_5' title="bbox 185 2165 1877 2327">
    <p class='ocr_par' dir='ltr' id='par_1_6' title="bbox 185 2165 1877 2327">
     <span class='ocr_line' id='line_1_32' title="bbox 280 2165 1877 2218; baseline -0.001 -15"><span class='ocrx_word' id='word_1_314' title='bbox 280 2167 481 2215; x_wconf 63' lang='lat' dir='ltr'>Transitus,</span> <span class='ocrx_word' id='word_1_315' title='bbox 500 2170 543 2206; x_wconf 90' lang='lat' dir='ltr'>de</span> <span class='ocrx_word' id='word_1_316' title='bbox 567 2169 693 2218; x_wconf 79' lang='lat' dir='ltr'>quibus·</span> <span class='ocrx_word' id='word_1_317' title='bbox 713 2168 909 2215; x_wconf 82' lang='lat' dir='ltr'>diximus,</span> <span class='ocrx_word' id='word_1_318' title='bbox 896 2182 932 2205; x_wconf 87' lang='grc' dir='ltr'>ιιι</span> <span class='ocrx_word' id='word_1_319' title='bbox 957 2177 1069 2207; x_wconf 80' lang='lat' dir='ltr'>nostro</span> <span class='ocrx_word' id='word_1_320' title='bbox 1093 2177 1291 2217; x_wconf 77' lang='lat' dir='ltr'>argumento</span> <span class='ocrx_word' id='word_1_321' title='bbox 1316 2169 1502 2205; x_wconf 84' lang='lat' dir='ltr'>efficiuntur</span> <span class='ocrx_word' id='word_1_322' title='bbox 1524 2165 1718 2214; x_wconf 78' lang='lat' dir='ltr'>adjectivis.</span> <span class='ocrx_word' id='word_1_323' title='bbox 1754 2165 1877 2209; x_wconf 77' lang='grc' dir='ltr'><strong><em>κλυτὸς</em></strong></span> 
     </span>
     <span class='ocr_line' id='line_1_33' title="bbox 185 2220 1876 2276; baseline -0.002 -16"><span class='ocrx_word' id='word_1_324' title='bbox 185 2223 279 2272; x_wconf 82' lang='lat' dir='ltr'>quod</span> <span class='ocrx_word' id='word_1_325' title='bbox 298 2224 425 2276; x_wconf 78' lang='lat' dir='ltr'>saepe:</span> <span class='ocrx_word' id='word_1_326' title='bbox 448 2226 545 2272; x_wconf 67' lang='lat' dir='ltr'>eujus</span> <span class='ocrx_word' id='word_1_327' title='bbox 566 2238 688 2263; x_wconf 84' lang='lat' dir='ltr'>nomen</span> <span class='ocrx_word' id='word_1_328' title='bbox 710 2225 861 2263; x_wconf 83' lang='lat' dir='ltr'>auditum</span> <span class='ocrx_word' id='word_1_329' title='bbox 884 2233 960 2262; x_wconf 64' lang='lat' dir='ltr'>esta</span> <span class='ocrx_word' id='word_1_330' title='bbox 979 2224 1008 2263; x_wconf 64' lang='lat' dir='ltr'>i.</span> <span class='ocrx_word' id='word_1_331' title='bbox 1029 2238 1061 2263; x_wconf 82' lang='lat' dir='ltr'>e.</span> <span class='ocrx_word' id='word_1_332' title='bbox 1085 2226 1248 2273; x_wconf 84' lang='lat' dir='ltr'>,‚clarus“</span> <span class='ocrx_word' id='word_1_333' title='bbox 1272 2225 1453 2272; x_wconf 82' lang='lat' dir='ltr'>significat,</span> <span class='ocrx_word' id='word_1_334' title='bbox 1474 2235 1646 2270; x_wconf 86' lang='lat' dir='ltr'>nunquam</span> <span class='ocrx_word' id='word_1_335' title='bbox 1667 2234 1763 2268; x_wconf 81' lang='lat' dir='ltr'>vero,</span> <span class='ocrx_word' id='word_1_336' title='bbox 1785 2220 1876 2270; x_wconf 83' lang='lat' dir='ltr'>„qui</span> 
     </span>
     <span class='ocr_line' id='line_1_34' title="bbox 1495 2289 1538 2327; baseline 0.023 -1"><span class='ocrx_word' id='word_1_337' title='bbox 1495 2289 1538 2327; x_wconf 76' lang='lat'>17</span> 
     </span>
    </p>
   </div>
  </div>
 </body>
</html>
