2112 2553
891 139 949 150 ..
1006 115 1062 159 το
1116 138 1175 148 .-

172 253 261 289 quae
292 234 536 275 intenduntur?
594 247 663 271 non
694 233 799 282 igitur
836 233 875 272 ia
908 246 1024 271 eorum
1057 245 1197 273 numero
1229 231 1408 270 habendus
1440 233 1523 282 erit,
1565 244 1655 281 quae
1687 233 1882 280 tandnntur,

171 296 438 345 pulsant-tque,
480 289 756 339 momentum,
780 289 873 337 quod
896 288 1101 338 inspiratur,
1124 286 1294 325 nominari
1315 285 1423 336 possit
1446 294 1511 325 etc.
1537 307 1583 319 --
1632 287 1652 325 ὅ
1684 290 1753 336 μέν
1774 287 1884 338 210,-

171 352 335 397 στύξενος
366 349 551 395 προκρίνει
584 346 629 384 τὰ
664 346 793 384 ἔντατα
826 349 887 383 καὶ
920 346 1101 383 κάθαπτα
1133 348 1203 384 τῶν
1226 344 1388 394 ὀργάνων
1420 346 1490 382 nrm
1512 345 1748 392 ἔμπνευσπῧν,
1769 345 1884 392 ῥᾴδια

173 410 266 445 εἶναι
292 405 439 453 φάσκων
461 402 508 440 τὰ
531 403 733 450 ἐμπνευστά
759 400 926 438 Athenae.
951 400 988 447 4,
1011 400 1074 438 75.
1099 420 1146 428 -

894 563 1075 598 CAPUT
1124 564 1165 599 V.

604 652 673 691 De
709 650 1056 707 synthetorum
1092 632 1453 705 potestatibus.

227 771 257 814 ξ.
282 770 318 806 1.
365 766 410 803 A
441 765 635 803 nomim‘lnoe
667 766 870 814 composita.
896 785 943 792 -

272 840 416 879 Duabus
438 839 540 877 modo
571 840 735 888 insignita
757 848 836 877 sunt
857 837 1181 887 significationibus,
1212 837 1351 886 passiva
1364 835 1481 884 'atque
1504 837 1634 884 activa,
1658 848 1801 885 quarum
1824 837 1886 874 illa
1945 834 1955 849 ‘

177 906 229 935 est
261 896 481 944 frequentior.
549 897 700 933 Plurima
733 903 911 943 utramque
941 893 1090 931 nancisci
1123 901 1264 942 possunt
1295 893 1472 938 virtutem3
1515 903 1594 930 sunt
1625 905 1705 930 vero
1739 905 1885 942 quoque,

180 966 271 1002 quae
294 966 360 990 usu
383 952 649 989 increbrescente
672 951 812 988 alteram
836 959 947 988 utram
970 950 1039 987 vim
1062 949 1181 987 sortita
1203 957 1300 996 sunt,
1333 957 1370 986 ut
1393 962 1428 988 v.
1454 962 1491 997 g.
1513 951 1804 998 δακρυσίστακτος
1832 951 1885 986 la-

180 1010 303 1046 crimas
325 1007 479 1053 stillans,
503 1020 676 1055 nunquam
699 1020 780 1044 vero
803 1006 951 1044 lacrimis
974 1005 1134 1043 stillatus.
1160 1025 1208 1033 —
1255 1008 1416 1042 Nostrum
1435 1007 1508 1053 jam
1531 1014 1582 1043 est
1605 1005 1742 1053 singula
1765 1018 1886 1042 vocare

180 1065 225 1103 ad
249 1062 491 1112 cognitionem,
525 1071 628 1111 atque
656 1076 745 1111 quae
768 1071 1046 1110 utroqueversum
1070 1061 1242 1109 dicautur,
1275 1075 1364 1110 quae
1387 1062 1455 1099 siut
1478 1062 1543 1098 hoc
1566 1062 1669 1098 illove
1692 1061 1885 1109 significatu

181 1120 360 1169 praedita,
387 1127 586 1156 monstrare.
610 1139 657 1146 —
704 1122 759 1156 Ne
789 1131 870 1155 vero
895 1117 972 1166 quis
1004 1118 1049 1153 de
1073 1119 1209 1154 crambe
1232 1126 1363 1155 recocta
1387 1118 1560 1155 nobiscum
1584 1118 1794 1166 expostulet,
1827 1126 1887 1154 aut

183 1177 352 1213 sincerum
377 1186 439 1210 vas
462 1173 649 1210 incrustare
671 1186 727 1209 me
750 1173 853 1216 dicat,
877 1186 931 1218 ea,
955 1185 1042 1220 quae
1061 1173 1134 1219 jam
1157 1172 1193 1208 in
1216 1173 1337 1210 lexicis
1360 1182 1438 1210 sunt
1461 1173 1595 1218 tradita,
1620 1182 1654 1208 et
1677 1186 1699 1209 a
1722 1173 1886 1209 sententia

183 1244 228 1267 ex
252 1241 386 1267 summa
408 1228 564 1264 lectionis
588 1237 661 1264 orta
684 1241 752 1264 non
776 1228 976 1274 abhorrent,
1008 1227 1200 1274 mittamus,
1224 1228 1392 1275 judicium
1415 1237 1528 1265 autem
1552 1228 1595 1265 de
1618 1228 1706 1272 iuis,
1729 1228 1773 1264 ad
1798 1240 1886 1275 quae

182 1288 228 1324 ob
261 1286 411 1323 locorum
445 1283 611 1321 desectum
644 1291 848 1321 momentum
882 1283 1032 1320 nondum
1061 1277 1184 1320 afferre
1207 1298 1404 1332 possumus,
1436 1284 1638 1332 rejiciamus.
1663 1305 1710 1312 -
1758 1287 1812 1321 De
1842 1284 1886 1322 iis

181 1343 247 1378 hoc
270 1342 345 1377 loco
368 1339 433 1376 erit
455 1353 583 1385 sermo,
611 1352 699 1387 quae
722 1352 745 1376 a
769 1339 850 1376 viris
875 1339 983 1375 doctis
1006 1352 1074 1375 non
1097 1339 1181 1375 satis
1204 1348 1359 1375 accurate
1382 1348 1524 1377 tractata
1546 1353 1622 1377 esse
1644 1340 1812 1377 videntur.
1838 1361 1884 1368 —

181 1397 437 1446 ἀνδροδάτκτος
467 1394 642 1445 Aristoph.
674 1397 762 1433 Rau.
796 1395 903 1432 1295.
949 1393 1072 1432 Aesch.
1105 1393 1262 1445 Choaph.
1295 1395 1380 1434 860.
1419 1395 1542 1443 „viros
1573 1394 1815 1435 interficiens.“
1839 1417 1885 1425 —

181 1453 377 1490 Schneider
393 1460 569 1498 praeterea
588 1451 869 1496 significationem
893 1464 942 1496 „a
959 1450 1282 1487 viais›intersecnus“
1305 1453 1410 1495 novit,
1435 1453 1495 1488 sed
1513 1453 1605 1488 locos
1622 1452 1758 1488 eosdem
1775 1453 1885 1498 affert,

183 1520 272 1556 quos
285 1519 362 1555 ego,
385 1506 421 1542 in
439 1505 563 1554 quibus
579 1506 688 1543 solam
706 1519 773 1543 vox
791 1506 918 1543 obtinet
934 1505 1005 1543 vim
1021 1505 1179 1544 activam.
1212 1507 1398 1544 Passovius
1414 1507 1488 1545 sine
1501 1520 1616 1554 eausa,
1635 1516 1671 1545 ut
1687 1508 1832 1552 videtur,
1851 1510 1882 1546 ei

181 1563 421 1613 adstipulatur.
475 1563 710 1612 λαιμότμητος
740 1563 971 1611 ,‚jugu1atus<‘
1000 1562 1121 1611 Eurip.
1146 1566 1235 1601 Hec.
1254 1565 1346 1609 2073
1390 1565 1580 1601 intellectus
1600 1573 1711 1601 autem
1735 1565 1884 1602 activus:

184 1627 330 1668 „guttur
352 1619 496 1655 secaus“
519 1618 693 1667 Aristoph.
717 1619 858 1656 Thesm.
879 1619 985 1656 1063.
1018 1626 1197 1667 utrumque
1214 1619 1314 1667 fugit.
1363 1619 1534 1658 Vocabuli
1560 1621 1885 1670 κρυσταλλόπηκτος

185 1674 388 1723 significatio
404 1673 544 1723 passiva
561 1674 694 1722 utrique
711 1675 786 1712 sola
803 1683 894 1720 nota,
913 1676 1054 1722 ejusque
1065 1685 1234 1712 auctorem
1246 1676 1440 1712 Schneider
1450 1675 1646 1724 Euripidem
1660 1677 1769 1714 affert.
1793 1679 1885 1721 Vox,

184 1739 346 1779 quantum
369 1729 527 1778 equidem
551 1729 640 1777 scio,
671 1731 775 1767 semel
799 1730 892 1780 apud
914 1730 1113 1780 Euripidem
1136 1730 1279 1780 legitur,
1312 1731 1447 1781 ibique,
1479 1730 1510 1769 si
1533 1731 1669 1781 passive
1692 1746 1768 1770 eam
1791 1732 1881 1770 acci-

184 1786 276 1835 pias,
299 1787 412 1823 aliena
433 1786 636 1824 efficiuntur.
683 1787 788 1824 Rhea.
811 1787 896 1824 441.
944 1787 1074 1823 Mentio
1097 1787 1147 1824 ibi
1170 1788 1209 1824 fit
1230 1797 1418 1834 ventorum,
1442 1789 1500 1835 qui
1526 1792 1679 1835 Pontum,
1703 1788 1883 1825 Thraciam

184 1849 219 1877 et
250 1840 431 1877 Paeoniam
464 1841 627 1890 perflant,
661 1841 804 1889 glaciem
829 1842 1001 1879 facientes.
1059 1845 1188 1881 Ventos
1220 1853 1331 1881 autem
1356 1844 1549 1891 congelatos
1572 1857 1639 1881 non
1663 1844 1829 1890 novimus,
1851 1853 1884 1880 et

185 1897 216 1934 si
240 1903 366 1942 essent,
389 1910 456 1932 non
474 1898 547 1944 jam
571 1906 678 1934 terras
701 1906 735 1933 et
758 1910 850 1934 mare
873 1898 1018 1946 perflare
1042 1907 1191 1946 possent.
1215 1920 1262 1927 —
1311 1901 1522 1949 νιφὸβλητος
1544 1913 1654 1948 neque
1677 1900 1714 1936 in
1736 1899 1884 1935 Schnei-

183 1952 245 1988 dn'
273 1964 385 2000 neque
416 1951 453 1987 in
483 1953 646 1989 Passoviz‘
673 1953 763 1990 libro
796 1953 864 1990 vim
897 1953 1012 1989 inveni
1036 1953 1199 2001 activam,
1233 1968 1321 2003 quae
1345 1968 1507 2004 expressa
1530 1966 1581 1995 est
1605 1959 1716 1994 Nouu-
1741 1954 1881 2004 Dionys.

183 2008 221 2053 2,
243 2007 328 2045 529.
350 2007 567 2057 νιφοβλῄτου
591 2013 740 2058 Βορέαο.
765 2029 810 2037 —-
860 2009 966 2046 Vocis
998 2011 1223 2060 πολύκμηως
1254 2011 1418 2049 sententia
1441 2013 1551 2050 activa
1583 2021 1760 2060 utramque
1782 2024 1882 2060 prae-

184 2062 294 2100 teriit:
326 2064 560 2114 πολυκμῆπυν
581 2067 748 2113 μερόπων
770 2068 883 2102 Noun.
909 2065 1051 2116 Dionys.
1074 2068 1111 2114 7,
1134 2068 1195 2105 55.
1222 2088 1267 2097 -
1317 2068 1464 2106 Omnino
1487 2065 1613 2106 omisaa'
1635 2075 1713 2104 aunt
1733 2067 1770 2104 in
1792 2067 1883 2105 lexi-

183 2119 254 2156 cisz
297 2121 510 2169 νεόπληκτος
543 2121 587 2158 cf.
612 2134 641 2158 a.
665 2134 700 2160 v.
723 2122 870 2165 κλαστὸς
903 2123 939 2168 2,
963 2125 998 2168 3,
1026 2125 1059 2169 l,
1087 2125 1119 2160 l.
1146 2145 1187 2153 -
1241 2127 1460 2175 κεσπλήκτου
1481 2128 1597 2173 μέθης
1629 2123 1790 2170 ebrietas,
1815 2137 1883 2172 qua

180 2187 292 2224 nuper
323 2187 455 2213 eramus
486 2176 651 2226 percussi.
686 2197 732 2205 -
780 2178 1031 2223 νεόπνευστος,
1072 2180 1163 2227 quod
1195 2180 1341 2228 legimus
1382 2183 1499 2217 Noun·
1529 2179 1671 2230 Dionys.
1704 2182 1764 2228 25,
1797 2181 1881 2218 549.
