2112 2553
928 120 1214 166 ...72-

213 243 414 295 sperabilis‚
450 245 602 293 ἄτρωτος
625 242 806 281 inviolatus
824 241 863 279 ‘et
886 239 1116 288 inviolabilis,
1147 240 1324 285 ’ἄθαπτος
1347 244 1461 279 auten
1497 243 1645 292 ἄκλητος
1668 240 1858 291 pas-ivm,
1894 250 1928 279 et

211 303 402 352 ἀνήκεστος
426 303 574 350 ἄτλητος
608 299 733 338 similia
757 298 975 349 potentialem
998 298 1108 336 sola'rn
1132 302 1233 336 nacta'
1256 297 1324 335 sint
1348 297 1429 337 vim.
1464 300 1815 347 ‹Quum‘pot'estatm
1836 310 1927 346 quae

215 358 252 395 in
284 357 406 394 lexicis
440 356 587 408 singulis
620 356 810 404 adscriptae
833 363 911 392 sunt
935 354 1129 401 vocabulis,
1163 353 1330 403 exemplis
1354 353 1556 392 examinatis
1580 354 1798 404 comprobare
1821 352 1928 391 simus

215 413 341 460 coacti,
374 413 531 463 nihilque
554 413 658 461 igitur
685 411 765 448 novi
788 410 964 458 restiterit,
998 410 1090 459 quod
1115 410 1373 455 admoveamus,
1406 408 1581 447 reducis-1
1606 423 1724 448 curare
1748 408 1849 447 nobis
1872 409 1927 447 η’-

215 471 356 507 deamur
383 471 459 518 jam
491 469 580 505 dicta
612 475 814 517 repetentes.
872 467 935 504 Rei
960 475 1072 504 antem
1102 467 1196 504 illius
1220 479 1323 503 causa
1345 465 1381 503 in
1406 466 1480 503 sola
1502 467 1661 516 ponenda
1685 475 1735 504 est
1758 466 1921 503 sermonis

215 525 469 571 consuetudine,
493 533 594 572 atque
619 523 738 561 eodem
761 523 876 570 modo,
901 537 968 572 quo
994 536 1056 561 uos
1082 523 1271 572 ungeruftn
1298 522 1447 570 quidem,
1472 522 1532 559 sed
1556 536 1728 570 nunquam
1754 523 1924 569 unrnfbnt

221 582 375 627 dicimus,
400 589 434 617 et
457 581 522 617 hac
545 580 682 616 notione
704 579 800 616 usuri
824 592 899 616 eam
924 579 1115 626 circuimus,
1139 579 1188 616 ita
1205 587 1238 615 et
1251 577 1374 615 Graeci
1392 579 1575 625 unrufbar,
1600 580 1836 626 nubturabbat
1859 592 1926 618 non

219 652 285 675 uno
310 636 504 687 exprimere
526 644 710 686 potuerunt
732 636 913 674 vocabulo.
962 636 1007 674 cf.
1031 638 1076 683 11,
1099 637 1136 683 3,
1159 637 1195 673 2.
1220 656 1267 663 —

314 725 530 775 Significatio
554 725 665 763 activa
687 725 790 773 hujus
814 723 949 774 generis
972 737 1039 761 non
1063 724 1173 761 minus
1196 724 1267 760 sere
1290 723 1450 772 frequens
1474 732 1543 771 est,
1576 724 1637 762 sed
1671 724 1761 762 idem
1795 722 1838 761 de
1871 737 1925 772 ea,

218 784 309 832 quod
341 784 386 820 de
409 783 622 832 simplicibus
655 781 798 819 eandem
832 781 900 818 vim
933 795 1017 830 prae
1050 795 1088 818 se
1120 781 1317 827 serentibus,
1351 780 1561 818 confitemur·
1621 782 1747 830 φωνὰν
1781 782 1924 822 ἀκούειν

218 841 382 890 ψευδέων
416 841 596 886 ἄγνωστον
640 838 740 875 Pind.
775 838 833 874 01.
867 838 903 883 ὃ,
938 839 1020 874 113.
1056 857 1099 865 ·—
1125 837 1339 881 ·ἀδύνατος,
1373 836 1523 880 δυνατὸς
1553 836 1625 874 inu.
1659 838 1697 875 ll.
1733 838 1927 886 ἀδάκρυτος

216 895 339 945 Eurip.
363 899 450 933 Hec.
474 896 560 933 690.
580 916 627 924 —
660 897 842 937 ἄπαυστος
864 893 989 932 Aesch.
1014 895 1125 943 Supp.
1148 894 1209 931 82.
1230 915 1278 924 —
1311 893 1542 942 ἀσφάδαστος
1564 893 1674 942 Soph.
1699 895 1756 942 Aj.
1779 894 1863 932 884.
1878 914 1924 923 —

220 953 418 999 ἀνάλγητος
439 951 525 987 ibid.
550 951 633 987 959.
646 970 693 977 —
718 950 898 997 ἀφόβητος
922 949 1011 987 Oed.
1036 958 1101 998 tyr.
1127 949 1210 987 904.
1224 971 1269 978 —
1294 952 1481 1001 ἄψαυστος
1503 949 1588 987 ibid.
1607 950 1691 987 988.
1706 971 1751 977 -
1777 950 1926 998 ἀνόητος

220 1007 382 1045 Herodot.
408 1009 442 1053 l,
466 1007 527 1044 87.
566 1014 599 1043 et
622 1005 725 1043 simil.
750 1026 797 1034 —

315 1099 437 1144 Neque
462 1096 584 1133 desunt
608 1095 753 1143 denique
777 1095 879 1143 hujus
904 1095 1032 1133 ordinis
1056 1096 1239 1141 vocabula,
1273 1109 1361 1144 quae
1395 1096 1570 1146 Participii
1594 1101 1670 1135 Fut.
1695 1100 1792 1135 Pass.
1816 1097 1925 1144 signi-

221 1152 323 1187 ficatu
357 1159 436 1188 sunt
458 1151 634 1188 instructa.
682 1151 803 1200 Eut-ip.
828 1151 956 1188 Bacch.
980 1152 1063 1187 911.
1099 1151 1256 1188 Bacchus
1279 1153 1429 1188 Pentheo
1452 1154 1611 1202 mysteria
1634 1152 1755 1189 intueri
1779 1153 1923 1201 cupido:

222 1212 260 1244 σὲ
284 1207 347 1246 τὸν
370 1208 567 1256 πρόθυμον
592 1207 678 1245 ὄνθ’
702 1209 729 1243 c‘c'
749 1208 799 1256 μὴ
820 1207 931 1255 χρεὼν
954 1207 1045 1255 ὁρᾷν
1062 1229 1110 1237 —-
1132 1208 1333 1245 σπεύδοντά
1355 1207 1391 1245 τ’
1416 1208 1649 1247 ἀσπούδαστα
1671 1217 1708 1244 tu
1732 1208 1924 1258 conspicere

221 1263 334 1311 cupis,
368 1276 458 1311 quae
490 1263 613 1298 intueri
646 1275 713 1298 non
747 1263 800 1299 sas
830 1271 898 1308 est,
932 1271 965 1299 et
989 1263 1125 1310 assequi
1150 1263 1282 1309 studes,
1316 1277 1404 1311 quae
1427 1273 1587 1313 appetere
1610 1278 1676 1300 non
1701 1264 1804 1300 debes
1838 1265 1924 1312 (non

220 1318 445 1367 appetenda).
470 1339 516 1346 -—
566 1318 647 1355 Hel.
671 1317 756 1355 456.
790 1318 988 1364 Menelaus,
1013 1318 1072 1365 qui
1097 1318 1283 1365 naufragus
1307 1321 1501 1369 Aegyptum
1526 1319 1725 1368 appulerat:
1770 1321 1925 1366 ναυαγὸς

219 1376 304 1424 ἥκω,
340 1378 455 1419 ξένος,
488 1375 663 1423 ἀσύλητον
695 1377 796 1421 γένος
838 1373 989 1420 „homo‚
1023 1386 1122 1421 quem
1147 1373 1275 1411 violare
1299 1374 1432 1411 nesas.“
1478 1374 1607 1411 Eodem
1631 1375 1731 1411 modo
1755 1375 1923 1425 interpre-

220 1440 329 1466 tamur
360 1431 478 1479 Eurip.
504 1431 618 1479 lphig.
646 1435 751 1467 Taur.
779 1433 883 1468 1157.
917 1431 1020 1466 verba
1046 1429 1230 1475 Thoantis,
1254 1431 1314 1479 qui
1337 1430 1548 1480 lphigeniae,
1572 1439 1718 1469 statuam
1742 1432 1827 1469 deae
1850 1446 1924 1468 mo-

219 1485 332 1522 ventiz
357 1490 389 1523 τί
412 1488 492 1524 τόδε
515 1490 691 1536 μεταίρεις
714 1488 753 1532 ἐξ
777 1486 949 1536 ἀκινήτων
972 1488 1135 1535 βάθρων.

315 1583 373 1618 Il.
421 1584 453 1617 A
486 1582 654 1630 particula
686 1580 908 1630 inseparabili
942 1582 1003 1624 δυς
1036 1581 1217 1627 conjugata
1255 1581 1362 1617 solam
1396 1593 1480 1630 prae
1512 1594 1550 1617 se
1582 1581 1694 1617 ferunt
1725 1589 1923 1629 potestatem

219 1637 450 1687 potentialem,
474 1646 531 1674 ut:
578 1639 786 1681 δυςθὲατος,
823 1637 1003 1680 δύςλυτος,
1038 1638 1197 1680 δυςίατος
1233 1644 1266 1672 et
1289 1645 1450 1673 sexcenta
1474 1635 1624 1683 ejusden
1648 1636 1794 1684 generis.
1842 1640 1921 1674 Duo

218 1692 317 1728 modo
349 1693 540 1729 invenimus
571 1694 746 1741 exempla,
780 1706 868 1740 quae
899 1692 1008 1728 activo
1032 1692 1187 1740 praedita
1211 1699 1288 1728 sunt
1311 1691 1525 1739 significatu:
1570 1693 1780 1741 δυςάλγητος
1812 1693 1922 1741 Sopb-

220 1748 306 1786 Oed.
333 1757 396 1797 tyr.
414 1750 470 1786 12.
495 1749 554 1797 qui
578 1762 644 1785 non
668 1749 769 1785 facile
793 1749 925 1785 dolores
949 1748 1051 1785 sentit
1074 1748 1098 1784 i.
1117 1762 1148 1784 e.
1174 1748 1289 1793 durus,
1315 1756 1473 1796 torpens;
1507 1756 1539 1784 et
1563 1750 1772 1796 δυςβάῦκτυς
1795 1749 1919 1786 Aescln.

221 1805 315 1839 Pers.
339 1806 421 1840 575.
457 1806 560 1841 valde
593 1806 793 1841 lamentans.
818 1825 865 1831 —
914 1804 1125 1850 significatio
1158 1804 1278 1840 horum
1302 1803 1541 1850 adjectivorum
1566 1805 1704 1854 passiva
1736 1817 1758 1840 a
1781 1804 1920 1851 linguae

221 1857 336 1894 indole
360 1871 399 1895 ac
424 1869 543 1897 natura
567 1874 706 1911 prorsus
732 1861 900 1898 abhorret.
927 1879 972 1887 —

315 1952 399 1988 III.
447 1952 641 1999 Adjectiva,
672 1965 813 2000 quorum
846 1965 927 2001 pars
959 1952 1054 2002 prior
1085 1952 1252 2002 particula
1277 1961 1328 1990 est
1351 1954 1408 1997 εὖ,
1437 1953 1606 2003 activam,
1631 1952 1820 2002 passivam,
1852 1967 1916 2004 po-

218 2006 388 2045 tentialem
413 2008 650 2045 nanciscuntur
671 2009 890 2047 intellectum.
940 2009 1049 2059 Soplr.
1074 2011 1130 2057 Aj.
1155 2011 1347 2057 εὔγνωστος
1388 2009 1447 2058 qui
1479 2009 1582 2047 facile
1613 2021 1654 2045 co
1680 2060 1683 2062 v
1740 2008 1771 2045 ci
1792 2019 1915 2060 potest.

218 2064 334 2111 Eurip.
360 2064 489 2100 Bacch.
513 2064 598 2100 868.
622 2065 709 2100 bene
732 2065 878 2112 plicatus
902 2073 935 2100 et
958 2068 1098 2113 εὔρυως
1121 2066 1235 2114 lphig.
1261 2067 1343 2104 Aul.
1367 2066 1451 2103 42⁰.
1477 2066 1563 2102 bene
1586 2077 1625 2100 ru
1710 2073 1774 2103 etc.
1797 2087 1845 2094 —-

314 2136 378 2173 His
401 2150 556 2174 assumas
587 2137 632 2174 ab
662 2139 723 2186 ἄρι
746 2146 778 2174 et
803 2140 856 2187 ἔρι
880 2139 1082 2188 composita,
1115 2153 1256 2188 quorum
1280 2154 1397 2187 usum,
1431 2137 1629 2189 praesertim
1654 2151 1756 2187 quum
1780 2137 1916 2178 antece-

217 2190 368 2227 dentium
391 2205 565 2238 numerum
589 2193 868 2242 consideraveris,
889 2203 1083 2244 pertenuem
1109 2209 1182 2233 esse
1207 2197 1307 2234 scias.
1356 2197 1547 2242 ἀρίγνωτος
1568 2194 1610 2233 cf·
1636 2197 1670 2242 l,
1689 2197 1730 2244 2,
1751 2198 1801 2235 1.‘
1831 2196 1914 2245 ἀρι-
